@book{Ngobeni2010ANetworks,
    title = {{A forensic readiness model for wireless networks}},
    year = {2010},
    booktitle = {IFIP Advances in Information and Communication Technology},
    author = {Ngobeni, S. and Venter, H. and Burke, I.},
    volume = {337 AICT},
    isbn = {3642155057 | 9783642155055},
    doi = {10.1007/978-3-642-15506-2{\_}8},
    issn = {18684238},
    keywords = {[digital forensic readiness, Wireless local area n}
}

@inproceedings{Burke2013AnAfrica,
    title = {{An investigation of the current state of mobile device management within South Africa}},
    year = {2013},
    booktitle = {8th International Conference on Information Warfare and Security, ICIW 2013},
    author = {Burke, I. and Mouton, F.},
    isbn = {9781627480178},
    keywords = {[Bring your own device policies, Mobile device man}
}

@inproceedings{Burke2011AnalysingSimulations,
    title = {{Analysing the fairness of trust-based mobile ad hoc network protocols: Comparing the fairness of AODV and TAODV protocols in scenario driven simulations}},
    year = {2011},
    booktitle = {2011 Information Security for South Africa - Proceedings of the ISSA 2011 Conference},
    author = {Burke, I.D. and Van Heerden, R. and Olivier, M.S.},
    isbn = {9781457714832},
    doi = {10.1109/ISSA.2011.6027528},
    keywords = {[fairness, MANET, TAODV, TEA-AODV]}
}

@inproceedings{Burke2016AutomatingChallenges,
    title = {{Automating cyber offensive operations for cyber challenges}},
    year = {2016},
    booktitle = {Proceedings of the 11th International Conference on Cyber Warfare and Security, ICCWS 2016},
    author = {Burke, I. and Van Heerden, R.P.},
    isbn = {9781910810828},
    keywords = {[Attack automation, Cyber challenges, Ontology]}
}

@inproceedings{Heerden2012ClassifyingOntology,
    title = {{Classifying network attack scenarios using an ontology}},
    year = {2012},
    booktitle = {7th International Conference on Information Warfare and Security, ICIW 2012},
    author = {Heerden, R.P.V. and Irwin, B. and Burke, I.},
    isbn = {9781622766475},
    keywords = {[Attack scenario, Network attack, Ontology, Taxono}
}

@inproceedings{Grant2012ComparingOperations,
    title = {{Comparing models of offensive cyber operations}},
    year = {2012},
    booktitle = {7th International Conference on Information Warfare and Security, ICIW 2012},
    author = {Grant, T. and Burke, I. and Heerden, R.V.},
    isbn = {9781622766475},
    keywords = {[Canonical model, Formalisation, Offensive cyber o}
}

@inproceedings{Labuschagne2011DesignFramework,
    title = {{Design of cyber security awareness game utilizing a social media framework}},
    year = {2011},
    booktitle = {2011 Information Security for South Africa - Proceedings of the ISSA 2011 Conference},
    author = {Labuschagne, W.A. and Burke, I. and Veerasamy, N. and Eloff, M.M.},
    isbn = {9781457714832},
    doi = {10.1109/ISSA.2011.6027538},
    keywords = {[application, awareness, security, social networki}
}

@inproceedings{VanHeerden2013DevelopingAttacks,
    title = {{Developing a virtualised testbed environment in preparation for testing of network based attacks}},
    year = {2013},
    booktitle = {IEEE International Conference on Adaptive Science and Technology, ICAST},
    author = {Van Heerden, R. and Pieterse, H. and Burke, I. and Irwin, B.},
    isbn = {9781479930678},
    doi = {10.1109/ICASTech.2013.6707509},
    issn = {23269448 23269413},
    keywords = {Network Traffic Simulation}
}

@inproceedings{Pieterse2015EvolutionBotnets,
    title = {{Evolution study of android botnets}},
    year = {2015},
    booktitle = {Proceedings of the 10th International Conference on Cyber Warfare and Security, ICCWS 2015},
    author = {Pieterse, H. and Burke, I.},
    isbn = {9781910309964},
    keywords = {[Android, Android botnets, Mobile botnets, Mobile}
}

@inproceedings{Burke2012FairnessProtocols,
    title = {{Fairness of trust based mobile ad hoc network protocols}},
    year = {2012},
    booktitle = {7th International Conference on Information Warfare and Security, ICIW 2012},
    author = {Burke, I.D. and Olivier, M.},
    isbn = {9781622766475},
    keywords = {[e-trade, Fairness, Mobile ad hoc networks, Trust]}
}

@inproceedings{Burke2011FrameworkSimulations,
    title = {{Framework for developing realistic MANET simulations}},
    year = {2011},
    booktitle = {5th European Conference on Information Management and Evaluation, ECIME 2011},
    author = {Burke, I. and Naidoo, S. and Olivier, M.},
    isbn = {9781629934310},
    keywords = {[Credibility, Framework, Mobile ad hoc network, Re}
}

@inproceedings{Burke2015HowMalware,
    title = {{How to tame your Android Malware}},
    year = {2015},
    booktitle = {Proceedings of the 10th International Conference on Cyber Warfare and Security, ICCWS 2015},
    author = {Burke, I. and Pieterse, H.},
    isbn = {9781910309964},
    keywords = {[Analysis, Android, Malware, Open source, Reverse}
}

@article{Johnnybotha1Pro-activeDataBreachDetection:ExaminingAccuracyandApplicabilityonPersonalInformationDetected,
    title = {{Pro-activeDataBreachDetection:ExaminingAccuracyandApplicabilityonPersonalInformationDetected}},
    author = {{Johnnybotha1} and Eloff1, M M},
    keywords = {DataBreach, Legislation, PersonalIdentifiableInformation, Privacy, Pro-activesecurity, ProtectionofPersonalInformationAct}
}

@article{Ngobeni2012TheNetworks,
    title = {{The modelling of a digital forensic readiness approach for wireless Local Area Networks}},
    year = {2012},
    journal = {Journal of Universal Computer Science},
    author = {Ngobeni, S. and Venter, H. and Burke, I.},
    number = {12},
    volume = {18},
    issn = {0958695X 09486968},
    keywords = {[Access point, Cyber forensic experts, Digital evi}
}

@inproceedings{Burke2011WhoGoogle,
    title = {{Who needs a botnet if you have google?}},
    year = {2011},
    booktitle = {6th International Conference on Information Warfare and Security, ICIW 2011},
    author = {Burke, I. and Van Heerden, R.},
    isbn = {9781622766758},
    keywords = {[Botnet, Command and control, DDoS, Google gadget]}
}